<collection>
  <record>
    <controlfield tag="001">550</controlfield>
    <datafield tag="024" ind1="7" ind2=" ">
      <subfield code="2">DOI</subfield>
      <subfield code="a">10.1234/EXAMPLE.Eventdisplay.123</subfield>
    </datafield>
    <datafield tag="100" ind1=" " ind2=" ">
      <subfield code="a">McCauley, Thomas</subfield>
    </datafield>
    <datafield tag="245" ind1=" " ind2=" ">
      <subfield code="a">Software to extract the event display format from the CMS primary data set</subfield>
    </datafield>
    <datafield tag="260" ind1=" " ind2=" ">
      <subfield code="b">CERN Open Data Portal</subfield>
      <subfield code="c">2014</subfield>
    </datafield>
    <datafield tag="516" ind1=" " ind2=" ">
      <subfield code="a">Use this with any of the CMS primary datasets</subfield>
    </datafield>
    <datafield tag="520" ind1=" " ind2=" ">
      <subfield code="a">Software to extract the data for the browser-based event display for the CMS experiment</subfield>
    </datafield>
    <datafield tag="538" ind1=" " ind2=" ">
      <subfield code="a">CMSSW_4_2_8 software with the CMS open data VM environment</subfield>
      <subfield code="w">250</subfield>
    </datafield>
    <datafield tag="567" ind1=" " ind2=" ">
      <subfield code="a">The software produces the objects to be displayed. The configuration file https://github.com/cms-outreach/ispy-analyzers/blob/Run2010B/python/ISpy_AOD_Producer_cff.py defines the objects to write out, which is done in the corresponding cc files in the src directory. No event selection, apart accepting only the validated runs, is applied..</subfield>
    </datafield>
    <datafield tag="583" ind1=" " ind2=" ">
      <subfield code="a">Only the list of validated runs have been accepted:</subfield>
      <subfield code="w">1000</subfield>
    </datafield>
    <datafield tag="710" ind1=" " ind2=" ">
      <subfield code="g">CMS Collaboration</subfield>
    </datafield>
    <datafield tag="774" ind1=" " ind2=" ">
      <subfield code="a">See the run instructions in https://github.com/cms-outreach/ispy-analyzers/blob/Run2010B/README.md</subfield>
    </datafield>
    <datafield tag="787" ind1=" " ind2=" ">
      <subfield code="a">The output are files in json format</subfield>
    </datafield>
    <datafield tag="856" ind1="4" ind2=" ">
      <subfield code="u">https://github.com/cms-outreach/ispy-analyzers/tree/Run2010B</subfield>
      <subfield code="u">https://github.com/cms-outreach/ispy-services</subfield>
    </datafield>
    <datafield tag="980" ind1=" " ind2=" ">
      <subfield code="a">CMS-Tools</subfield>
    </datafield>
    <datafield tag="980" ind1=" " ind2=" ">
      <subfield code="b">Research</subfield>
    </datafield>
  </record>